@book{YeungBook,
	Author = {R. W. Yeung},
	Date-Added = {2012-07-07 18:33:24 -0400},
	Date-Modified = {2012-07-07 18:36:15 -0400},
	Publisher = {Springer},
	Title = {Information Theory and Network Coding},
	Year = {2008}}
@ARTICLE{DFZMatroidNetworks,
author={Dougherty, R. and Freiling, C. and Zeger, K.},
journal={IEEE Transactions on Information Theory}, title={Networks, Matroids, and Non-Shannon Information Inequalities},
year={2007},
volume={53},
number={6},
pages={1949-1969},
ISSN={0018-9448},}
@article{DFZ2009Ineqfor5var,
	Author = {R. Dougherty and C. Freiling and K. Zeger},
	Date-Added = {2012-07-07 18:44:59 -0400},
	Date-Modified = {2012-07-08 01:45:25 -0400},
	Journal = {arXiv cs.IT/0910.0284v3},
	Title = {Linear Rank Inequalities on Five or More Variables},
	Year = {2009}}

@book{betten2006error,
  title={Error-Correcting Linear Codes: Classification by Isometry and Applications},
  author={Betten, A. and Braun, M. and Fripertinger, H. and Kerber, A. and Kohnert, A. and Wassermann, A.},
  isbn={9783540317036},
  lccn={2006929536},
  series={Algorithms and Computation in Mathematics},
  url={https://books.google.com/books?id=JfpdZUpeLf8C},
  year={2006},
  publisher={Springer Berlin Heidelberg}
}

@inproceedings{Benaloh90,
 author = {Benaloh, J. and Leichter, J.},
 title = {Generalized Secret Sharing and Monotone Functions},
 booktitle = {Proceedings on Advances in Cryptology},
 series = {CRYPTO '88},
 year = {1990},
 isbn = {0-387-97196-3},
 location = {Santa Barbara, California, USA},
 pages = {27--35},
 numpages = {9},
 url = {http://dl.acm.org/citation.cfm?id=88314.88328},
 acmid = {88328},
 publisher = {Springer-Verlag New York, Inc.},
 address = {New York, NY, USA},
}

@article{Shamirhowto79,
 author = {Shamir, Adi},
 title = {How to Share a Secret},
 journal = {Commun. ACM},
 issue_date = {Nov. 1979},
 volume = {22},
 number = {11},
 month = nov,
 year = {1979},
 issn = {0001-0782},
 pages = {612--613},
 numpages = {2},
 url = {http://doi.acm.org/10.1145/359168.359176},
 doi = {10.1145/359168.359176},
 acmid = {359176},
 publisher = {ACM},
 address = {New York, NY, USA},
 keywords = {cryptography, interpolation, key management},
}

@article{subrapathgain10,
  author    = {Abhay T. Subramanian and
               Andrew Thangaraj},
  title     = {Path gain algebraic formulation for the scalar linear network coding
               problem},
  journal   = {IEEE Transactions on Information Theory},
  volume    = {56},
  number    = {9},
  pages     = {4520--4531},
  year      = {2010},
  url       = {http://dx.doi.org/10.1109/TIT.2010.2054270},
  doi       = {10.1109/TIT.2010.2054270},
  timestamp = {Fri, 17 Dec 2010 21:53:47 +0100},
  biburl    = {http://dblp.uni-trier.de/rec/bib/journals/tit/SubramanianT10},
  bibsource = {dblp computer science bibliography, http://dblp.org}
}

@ARTICLE{koetteralgebraic03,
author={Koetter, R. and Medard, M.},
journal={IEEE/ACM Transactions on Networking},
title={An algebraic approach to network coding},
year={2003},
volume={11},
number={5},
pages={782-795},
keywords={algebraic codes;channel capacity;delays;linear codes;matrix algebra;multicast communication;telecommunication network reliability;algebraic approach;algebraic coding;delay-free networks;failure pattern;multicast networks;multicast setup;necessary conditions;network capacity;network coding;network delay;network information theory;network recovery;nonergodic link failures;robust networking;sufficient conditions;transfer matrices;using linear network codes;Broadcasting;Channel coding;Galois fields;Helium;Information theory;Linear code;Network coding;Relays;Robustness;Sufficient conditions},
doi={10.1109/TNET.2003.818197},
ISSN={1063-6692},
month={Oct},}

@misc {DGPS,
 title = {{Singular} {4-0-2} --- {A} computer algebra system for polynomial computations},
 author = {Decker, Wolfram and Greuel, Gert-Martin and Pfister, Gerhard and Schoenemann, Hans},
 year = {2015},
 url = {http://www.singular.uni-kl.de},
}

@misc{ singulargap,
  author =           {Costantini, M. and de Graaf, W.},
  title =            {singular, The GAP interface to Singular, {V}ersion 12.04.28},
  month =            {Apr},
  year =             {2012},
  note =             {GAP package},
  printedkey =       {CG12}
}

@article{lihyper15,
  author    = {Congduan Li and
               Steven Weber and
               John MacLaren Walsh},
  title     = {On Multi-source Networks: Enumeration, Rate Region Computation, and
               Hierarchy},
  journal   = {CoRR},
  volume    = {abs/1507.05728},
  year      = {2015},
  url       = {http://arxiv.org/abs/1507.05728},
  timestamp = {Sun, 02 Aug 2015 18:42:02 +0200},
  biburl    = {http://dblp.uni-trier.de/rec/bib/journals/corr/LiWW15},
  bibsource = {dblp computer science bibliography, http://dblp.org}
}
